@article{xue2023physiological,
  title={Physiological-physical feature fusion for automatic voice spoofing detection},
  author={Xue, Junxiao and Zhou, Hao},
  journal={Frontiers of Computer Science},
  volume={17},
  number={2},
  pages={172318},
  year={2023},
  publisher={Springer}
}

@comment{GANS}
@article{goodfellow2020generative,
  title={Generative adversarial networks},
  author={Goodfellow, Ian and Pouget-Abadie, Jean and Mirza, Mehdi and Xu, Bing and Warde-Farley, David and Ozair, Sherjil and Courville, Aaron and Bengio, Yoshua},
  journal={Communications of the ACM},
  volume={63},
  number={11},
  pages={139--144},
  year={2020},
  publisher={ACM New York, NY, USA}
}

@comment{VAES}
@article{kingma2013auto,
  title={Auto-encoding variational bayes},
  author={Kingma, Diederik P and Welling, Max},
  journal={arXiv preprint arXiv:1312.6114},
  year={2013}
}

@comment{FLAGLab}
@article{tamayo2022voice,
  title={Voice anti-spoofing data-set built from Latin American Spanish accents implementing voice conversion and text-to-speech techniques},
  author={Tamayo Fl{\'o}rez, Pablo Andr{\'e}s and others},
  year={2022},
  publisher={Universidad de los Andes}
}