@inproceedings{kinnunen17_interspeech,
  author={Tomi Kinnunen and Md. Sahidullah and HÃ©ctor Delgado and Massimiliano Todisco and Nicholas Evans and Junichi Yamagishi and Kong Aik Lee},
  title={{The ASVspoof 2017 Challenge: Assessing the Limits of Replay Spoofing Attack Detection}},
  year=2017,
  booktitle={Proc. Interspeech 2017},
  pages={2--6},
  doi={10.21437/Interspeech.2017-1111}
}

@article{yamagishi2019asvspoof,
  title={Asvspoof 2019: The 3rd automatic speaker verification spoofing and countermeasures challenge database},
  author={Yamagishi, Junichi and Todisco, Massimiliano and Sahidullah, Md and Delgado, H{\'e}ctor and Wang, Xin and Evans, Nicolas and Kinnunen, Tomi and Lee, Kong Aik and Vestman, Ville and Nautsch, Andreas},
  year={2019}
}

@article{delgado2021asvspoof,
  title={Asvspoof 2021: Automatic speaker verification spoofing and countermeasures challenge evaluation plan},
  author={Delgado, H{\'e}ctor and Evans, Nicholas and Kinnunen, Tomi and Lee, Kong Aik and Liu, Xuechen and Nautsch, Andreas and Patino, Jose and Sahidullah, Md and Todisco, Massimiliano and Wang, Xin and others},
  journal={arXiv preprint arXiv:2109.00535},
  year={2021}
}

@article{wu2016anti,
  title={Anti-spoofing for text-independent speaker verification: An initial database, comparison of countermeasures, and human performance},
  author={Wu, Zhizheng and De Leon, Phillip L and Demiroglu, Cenk and Khodabakhsh, Ali and King, Simon and Ling, Zhen-Hua and Saito, Daisuke and Stewart, Bryan and Toda, Tomoki and Wester, Mirjam and others},
  journal={IEEE/ACM Transactions on Audio, Speech, and Language Processing},
  volume={24},
  number={4},
  pages={768--783},
  year={2016},
  publisher={IEEE}
}

@inproceedings{reimao2019dataset,
  title={For: A dataset for synthetic speech detection},
  author={Reimao, Ricardo and Tzerpos, Vassilios},
  booktitle={2019 International Conference on Speech Technology and Human-Computer Dialogue (SpeD)},
  pages={1--10},
  year={2019},
  organization={IEEE}
}

@article{yamagishi2019cstr,
  title={CSTR VCTK Corpus: English multi-speaker corpus for CSTR voice cloning toolkit (version 0.92)},
  author={Yamagishi, Junichi and Veaux, Christophe and MacDonald, Kirsten and others},
  journal={University of Edinburgh. The Centre for Speech Technology Research (CSTR)},
  year={2019}
}

@inproceedings{korshunov2016overview,
  title={Overview of BTAS 2016 speaker anti-spoofing competition},
  author={Korshunov, Pavel and Marcel, S{\'e}bastien and Muckenhirn, Hannah and Gon{\c{c}}alves, Andr{\'e} R and Mello, AG Souza and Violato, RP Velloso and Simoes, Fl{\'a}vio O and Neto, M Uliani and de Assis Angeloni, Marcus and Stuchi, Jos{\'e} Augusto and others},
  booktitle={2016 IEEE 8th international conference on biometrics theory, applications and systems (BTAS)},
  pages={1--6},
  year={2016},
  organization={IEEE}
}

@article{zhang2017investigation,
  title={An investigation of deep-learning frameworks for speaker verification antispoofing},
  author={Zhang, Chunlei and Yu, Chengzhu and Hansen, John HL},
  journal={IEEE Journal of Selected Topics in Signal Processing},
  volume={11},
  number={4},
  pages={684--694},
  year={2017},
  publisher={IEEE}
}

@inproceedings{tian2016spoofing,
  title={Spoofing speech detection using temporal convolutional neural network},
  author={Tian, Xiaohai and Xiao, Xiong and Chng, Eng Siong and Li, Haizhou},
  booktitle={2016 Asia-Pacific Signal and Information Processing Association Annual Summit and Conference (APSIPA)},
  pages={1--6},
  year={2016},
  organization={IEEE}
}

@inproceedings{muckenhirn2017end,
  title={End-to-end convolutional neural network-based voice presentation attack detection},
  author={Muckenhirn, Hannah and Magimai-Doss, Mathew and Marcel, S{\'e}bastien},
  booktitle={2017 IEEE international joint conference on biometrics (IJCB)},
  pages={335--341},
  year={2017},
  organization={IEEE}
}

@inproceedings{sailor2017unsupervised,
  title={Unsupervised Representation Learning Using Convolutional Restricted Boltzmann Machine for Spoof Speech Detection.},
  author={Sailor, Hardik B and Kamble, Madhu R and Patil, Hemant A},
  booktitle={INTERSPEECH},
  pages={2601--2605},
  year={2017}
}

@article{yu2017dnn,
  title={DNN filter bank cepstral coefficients for spoofing detection},
  author={Yu, Hong and Tan, Zheng-Hua and Zhang, Yiming and Ma, Zhanyu and Guo, Jun},
  journal={Ieee Access},
  volume={5},
  pages={4779--4787},
  year={2017},
  publisher={IEEE}
}

@article{gomez2019gated,
  title={A gated recurrent convolutional neural network for robust spoofing detection},
  author={Gomez-Alanis, Alejandro and Peinado, Antonio M and Gonzalez, Jose A and Gomez, Angel M},
  journal={IEEE/ACM Transactions on Audio, Speech, and Language Processing},
  volume={27},
  number={12},
  pages={1985--1999},
  year={2019},
  publisher={IEEE}
}

@inproceedings{tom2018end,
  title={End-To-End Audio Replay Attack Detection Using Deep Convolutional Networks with Attention.},
  author={Tom, Francis and Jain, Mohit and Dey, Prasenjit},
  booktitle={Interspeech},
  pages={681--685},
  year={2018}
}

@inproceedings{wu2014study,
  title={A study on replay attack and anti-spoofing for text-dependent speaker verification},
  author={Wu, Zhizheng and Gao, Sheng and Cling, Eng Siong and Li, Haizhou},
  booktitle={Signal and Information Processing Association Annual Summit and Conference (APSIPA), 2014 Asia-Pacific},
  pages={1--5},
  year={2014},
  organization={IEEE}
}

@inproceedings{cai2017countermeasures,
  title={Countermeasures for Automatic Speaker Verification Replay Spoofing Attack: On Data Augmentation, Feature Representation, Classification and Fusion.},
  author={Cai, Weicheng and Cai, Danwei and Liu, Wenbo and Li, Gang and Li, Ming},
  booktitle={Interspeech},
  pages={17--21},
  year={2017}
}

@inproceedings{lavrentyeva2017audio,
  title={Audio replay attack detection with deep learning frameworks.},
  author={Lavrentyeva, Galina and Novoselov, Sergey and Malykh, Egor and Kozlov, Alexander and Kudashev, Oleg and Shchemelinin, Vadim},
  booktitle={Interspeech},
  pages={82--86},
  year={2017}
}

@inproceedings{chen2017resnet,
  title={ResNet and Model Fusion for Automatic Spoofing Detection.},
  author={Chen, Zhuxin and Xie, Zhifeng and Zhang, Weibin and Xu, Xiangmin},
  booktitle={Interspeech},
  pages={102--106},
  year={2017}
}

@article{chettri2019ensemble,
  title={Ensemble models for spoofing detection in automatic speaker verification},
  author={Chettri, Bhusan and Stoller, Daniel and Morfi, Veronica and Ram{\'\i}rez, Marco A Mart{\'\i}nez and Benetos, Emmanouil and Sturm, Bob L},
  journal={arXiv preprint arXiv:1904.04589},
  year={2019}
}

@inproceedings{yang2019sjtu,
  title={The SJTU robust anti-spoofing system for the ASVspoof 2019 challenge.},
  author={Yang, Yexin and Wang, Hongji and Dinkel, Heinrich and Chen, Zhengyang and Wang, Shuai and Qian, Yanmin and Yu, Kai},
  booktitle={Interspeech},
  pages={1038--1042},
  year={2019}
}

@article{lai2019assert,
  title={ASSERT: Anti-spoofing with squeeze-excitation and residual networks},
  author={Lai, Cheng-I and Chen, Nanxin and Villalba, Jes{\'u}s and Dehak, Najim},
  journal={arXiv preprint arXiv:1904.01120},
  year={2019}
}

@inproceedings{chen2020generalization,
  title={Generalization of Audio Deepfake Detection.},
  author={Chen, Tianxiang and Kumar, Avrosh and Nagarsheth, Parav and Sivaraman, Ganesh and Khoury, Elie},
  booktitle={Odyssey},
  pages={132--137},
  year={2020}
}

@inproceedings{tak2021end,
  title={End-to-end anti-spoofing with rawnet2},
  author={Tak, Hemlata and Patino, Jose and Todisco, Massimiliano and Nautsch, Andreas and Evans, Nicholas and Larcher, Anthony},
  booktitle={ICASSP 2021-2021 IEEE International Conference on Acoustics, Speech and Signal Processing (ICASSP)},
  pages={6369--6373},
  year={2021},
  organization={IEEE}
}

